<?xml version="1.0" encoding="UTF-8"?>
<?xml-stylesheet type="text/xsl" href="http://inspirehep.net/css/oai2.xsl.v1.0" ?>
<OAI-PMH xmlns="http://www.openarchives.org/OAI/2.0/" xmlns:xsi="http://www.w3.org/2001/XMLSchema-instance" xsi:schemaLocation="http://www.openarchives.org/OAI/2.0/ http://www.openarchives.org/OAI/2.0/OAI-PMH.xsd">
<responseDate>2015-02-05T11:09:18Z</responseDate><request from="2015-01-01" verb="ListRecords" set="ForCDS" metadataPrefix="marcxml">http://inspirehep.net/oai2d</request><ListRecords>
<record><header><identifier>oai:inspirehep.net:1334431</identifier><datestamp>2014-12-18T13:44:00Z</datestamp><setSpec>CERN</setSpec><setSpec>INSPIRE:HEP</setSpec><setSpec>ForCDS</setSpec></header><metadata><marc:record xmlns:marc="http://www.loc.gov/MARC21/slim" xmlns:xsi="http://www.w3.org/2001/XMLSchema-instance" xsi:schemaLocation="http://www.loc.gov/MARC21/slim http://www.loc.gov/standards/marcxml/schema/MARC21slim.xsd" type="Bibliographic">
     <marc:leader>00000coc  2200000uu 4500</marc:leader>
  <marc:controlfield tag="001">1334431</marc:controlfield>
  <marc:controlfield tag="005">20141218144359.0</marc:controlfield>
  <marc:datafield tag="020" ind1=" " ind2=" ">
    <marc:subfield code="a">978-5-94990010-9</marc:subfield>
  </marc:datafield>
  <marc:datafield tag="024" ind1="7" ind2=" ">
    <marc:subfield code="2">DOI</marc:subfield>
    <marc:subfield code="a">10.1016/j.nima.2014.09.061</marc:subfield>
  </marc:datafield>
  <marc:datafield tag="024" ind1="7" ind2=" ">
    <marc:subfield code="2">DOI</marc:subfield>
    <marc:subfield code="a">10.1016/j.nima.2014.09.061</marc:subfield>
    <marc:subfield code="9">bibmatch</marc:subfield>
  </marc:datafield>
  <marc:datafield tag="035" ind1=" " ind2=" ">
    <marc:subfield code="a">Sahin:2014haa</marc:subfield>
    <marc:subfield code="9">INSPIRETeX</marc:subfield>
  </marc:datafield>
  <marc:datafield tag="035" ind1=" " ind2=" ">
    <marc:subfield code="9">DESY</marc:subfield>
    <marc:subfield code="z">DA14-kp48u</marc:subfield>
  </marc:datafield>
  <marc:datafield tag="035" ind1=" " ind2=" ">
    <marc:subfield code="9">CDS</marc:subfield>
    <marc:subfield code="a">1234</marc:subfield>
  </marc:datafield>
  <marc:datafield tag="100" ind1=" " ind2=" ">
    <marc:subfield code="a">Şahin, Özkan</marc:subfield>
    <marc:subfield code="u">Uludag U.</marc:subfield>
  </marc:datafield>
  <marc:datafield tag="245" ind1=" " ind2=" ">
    <marc:subfield code="a">High-precision gas gain and energy transfer measurements in Ar–CO2 mixtures</marc:subfield>
  </marc:datafield>
  <marc:datafield tag="300" ind1=" " ind2=" ">
    <marc:subfield code="a">8</marc:subfield>
  </marc:datafield>
  <marc:datafield tag="500" ind1=" " ind2=" ">
    <marc:subfield code="a"> *Brief entry*</marc:subfield>
  </marc:datafield>
  <marc:datafield tag="500" ind1=" " ind2=" ">
    <marc:subfield code="a">3 pages, 2 figures</marc:subfield>
  </marc:datafield>
  <marc:datafield tag="520" ind1=" " ind2=" ">
    <marc:subfield code="a">Ar–CO2 is a Penning mixture since a fraction of the energy stored in Ar 3p53d3p53d and higher excited states can be transferred to ionize CO2 molecules. In the present work, concentration and pressure dependence of Penning transfer rate and photon feedback parameter in Ar–CO2 mixtures have been investigated with recent systematic high-precision gas gain measurements which cover the range 1–50% CO2 at 400, 800, 1200, 1800 hPa and gas gain from 1 to 5×105.</marc:subfield>
  </marc:datafield>
  <marc:datafield tag="595" ind1=" " ind2=" ">
    <marc:subfield code="c">CDS</marc:subfield>
  </marc:datafield>
  <marc:datafield tag="595" ind1=" " ind2="D">
    <marc:subfield code="a">G</marc:subfield>
    <marc:subfield code="d">2014-12-18</marc:subfield>
    <marc:subfield code="s">abs</marc:subfield>
  </marc:datafield>
  <marc:datafield tag="650" ind1="1" ind2="7">
    <marc:subfield code="a">Instrumentation</marc:subfield>
    <marc:subfield code="2">INSPIRE</marc:subfield>
  </marc:datafield>
  <marc:datafield tag="693" ind1=" " ind2=" ">
    <marc:subfield code="b">T9</marc:subfield>
    <marc:subfield code="b">T10</marc:subfield>
    <marc:subfield code="e">CERN-LHC-CMS</marc:subfield>
  </marc:datafield>
  <marc:datafield tag="700" ind1=" " ind2=" ">
    <marc:subfield code="a">Kowalski, Tadeusz Z.</marc:subfield>
    <marc:subfield code="u">AGH-UST, Cracow</marc:subfield>
  </marc:datafield>
  <marc:datafield tag="700" ind1=" " ind2=" ">
    <marc:subfield code="a">Veenhof, Rob</marc:subfield>
    <marc:subfield code="u">Uludag U.</marc:subfield>
    <marc:subfield code="u">CERN</marc:subfield>
  </marc:datafield>
  <marc:datafield tag="773" ind1=" " ind2=" ">
    <marc:subfield code="c">104-111</marc:subfield>
    <marc:subfield code="p">Nucl.Instrum.Meth.</marc:subfield>
    <marc:subfield code="v">A768</marc:subfield>
    <marc:subfield code="y">2014</marc:subfield>
  </marc:datafield>
  <marc:datafield tag="856" ind1="4" ind2=" ">
    <marc:subfield code="u">http://www.humanamente.eu/Issues/Issue13.html</marc:subfield>
    <marc:subfield code="y">HumanaMente server</marc:subfield>
  </marc:datafield>
  <marc:datafield tag="856" ind1="4" ind2=" ">
    <marc:subfield code="s">231482</marc:subfield>
    <marc:subfield code="u">http://inspirehep.net/record/1333477/files/Issue13_Paper_Veneziano.pdf</marc:subfield>
    <marc:subfield code="y">Fulltext</marc:subfield>
  </marc:datafield>
  <marc:datafield tag="909" ind1="C" ind2="O">
    <marc:subfield code="o">oai:inspirehep.net:1334431</marc:subfield>
    <marc:subfield code="p">CERN</marc:subfield>
    <marc:subfield code="p">INSPIRE:HEP</marc:subfield>
    <marc:subfield code="p">ForCDS</marc:subfield>
  </marc:datafield>
  <marc:datafield tag="980" ind1=" " ind2=" ">
    <marc:subfield code="a">Published</marc:subfield>
  </marc:datafield>
  <marc:datafield tag="980" ind1=" " ind2=" ">
    <marc:subfield code="a">citeable</marc:subfield>
  </marc:datafield>
  <marc:datafield tag="980" ind1=" " ind2=" ">
    <marc:subfield code="a">HEP</marc:subfield>
  </marc:datafield>
  <marc:datafield tag="999" ind1="C" ind2="5">
    <marc:subfield code="h">M.J. Druyvesteyn, F.M. Penning</marc:subfield>
    <marc:subfield code="m">Erratum: View Record in Scopus | Full Text via CrossRef | Citing articles (118)</marc:subfield>
    <marc:subfield code="o">1</marc:subfield>
    <marc:subfield code="s">Rev.Mod.Phys.,12,87</marc:subfield>
    <marc:subfield code="s">Rev.Mod.Phys.,13,72</marc:subfield>
    <marc:subfield code="y">1940</marc:subfield>
  </marc:datafield>
  <marc:datafield tag="999" ind1="C" ind2="5">
    <marc:subfield code="h">F.M. Penning</marc:subfield>
    <marc:subfield code="m">View Record in Scopus | Full Text via CrossRef | Citing articles (8)</marc:subfield>
    <marc:subfield code="o">2</marc:subfield>
    <marc:subfield code="s">Z.Phys.,46,335</marc:subfield>
    <marc:subfield code="y">1928</marc:subfield>
  </marc:datafield>
  <marc:datafield tag="999" ind1="C" ind2="5">
    <marc:subfield code="h">F.M. Penning</marc:subfield>
    <marc:subfield code="m">Article | PDF (709 K) | View Record in Scopus | Citing articles (12)</marc:subfield>
    <marc:subfield code="o">3</marc:subfield>
    <marc:subfield code="s">Physica,1,1028</marc:subfield>
    <marc:subfield code="y">1934</marc:subfield>
  </marc:datafield>
  <marc:datafield tag="999" ind1="C" ind2="5">
    <marc:subfield code="h">K. Jeleń</marc:subfield>
    <marc:subfield code="m">Avalanche multiplication of electron in the mixtures of gases and vapours, Scientific Bulletins of the Stanislaw Staszic University of Mining and Metallurgy, No 786, Craców(in Polish)</marc:subfield>
    <marc:subfield code="o">4</marc:subfield>
    <marc:subfield code="y">1980</marc:subfield>
  </marc:datafield>
  <marc:datafield tag="999" ind1="C" ind2="5">
    <marc:subfield code="h">J. Zajac</marc:subfield>
    <marc:subfield code="m">Electron multiplication process in the mixtures of gases and vapours at low mixture pressure (Ph.D. thesis), AGH, University of Science and Technology, Craców, Poland</marc:subfield>
    <marc:subfield code="o">5</marc:subfield>
    <marc:subfield code="y">1994</marc:subfield>
  </marc:datafield>
  <marc:datafield tag="999" ind1="C" ind2="5">
    <marc:subfield code="h">H. Zhan-Ying, et al.</marc:subfield>
    <marc:subfield code="m">View Record in Scopus | Citing articles (1)</marc:subfield>
    <marc:subfield code="o">6</marc:subfield>
    <marc:subfield code="s">Chin.Phys.,C38,219</marc:subfield>
    <marc:subfield code="y">2014</marc:subfield>
  </marc:datafield>
  <marc:datafield tag="999" ind1="C" ind2="5">
    <marc:subfield code="h">A. Yoshikawa, et al.</marc:subfield>
    <marc:subfield code="o">7</marc:subfield>
    <marc:subfield code="s">JINST,7,C06006-1</marc:subfield>
    <marc:subfield code="y">2012</marc:subfield>
  </marc:datafield>
  <marc:datafield tag="999" ind1="C" ind2="5">
    <marc:subfield code="h">S. Chakravarty, J.C. Armitage Nuclear</marc:subfield>
    <marc:subfield code="m">Instruments and Methods in Physics Research Section A 321 , p. 1 View Record in Scopus | Citing articles (1)</marc:subfield>
    <marc:subfield code="o">8</marc:subfield>
    <marc:subfield code="y">1992</marc:subfield>
  </marc:datafield>
  <marc:datafield tag="999" ind1="C" ind2="5">
    <marc:subfield code="h">T. Zhao, et al.</marc:subfield>
    <marc:subfield code="m">Nuclear Instruments and Methods in Physics Research Section A 340 (3) , p. 485 Article | PDF (468 K) | View Record in Scopus | Citing articles (10)</marc:subfield>
    <marc:subfield code="o">9</marc:subfield>
    <marc:subfield code="y">1994</marc:subfield>
  </marc:datafield>
  <marc:datafield tag="999" ind1="C" ind2="5">
    <marc:subfield code="h">P. Colas, et al.</marc:subfield>
    <marc:subfield code="m">Nuclear Instruments and Methods in Physics Research Section A 478 (1-2) , p. 215 Article | PDF (215 K) | View Record in Scopus | Citing articles (12)</marc:subfield>
    <marc:subfield code="o">10</marc:subfield>
    <marc:subfield code="y">2002</marc:subfield>
  </marc:datafield>
  <marc:datafield tag="999" ind1="C" ind2="5">
    <marc:subfield code="h">A. Andronic, et al.</marc:subfield>
    <marc:subfield code="m">Nuclear Instruments and Methods in Physics Research Section A 523 , p. 302 Article | PDF (242 K) | View Record in Scopus | Citing articles (9)</marc:subfield>
    <marc:subfield code="o">11</marc:subfield>
    <marc:subfield code="y">2004</marc:subfield>
  </marc:datafield>
  <marc:datafield tag="999" ind1="C" ind2="5">
    <marc:subfield code="h">T.Z. Kowalski, et al.</marc:subfield>
    <marc:subfield code="m">Nuclear Instruments and Methods in Physics Research Section A 323 , p. 289 Article | PDF (214 K) | View Record in Scopus | Citing articles (3)</marc:subfield>
    <marc:subfield code="o">12</marc:subfield>
    <marc:subfield code="y">1992</marc:subfield>
  </marc:datafield>
  <marc:datafield tag="999" ind1="C" ind2="5">
    <marc:subfield code="h">Ö. Şahin, et al.</marc:subfield>
    <marc:subfield code="m">1-30</marc:subfield>
    <marc:subfield code="o">13</marc:subfield>
    <marc:subfield code="s">JINST,5,05002</marc:subfield>
    <marc:subfield code="y">2010</marc:subfield>
  </marc:datafield>
  <marc:datafield tag="999" ind1="C" ind2="5">
    <marc:subfield code="h">S.F. Biagi Nuclear</marc:subfield>
    <marc:subfield code="m">Instruments and Methods in Physics Research Section A 421 , p. 234 Article | PDF (143 K) | View Record in Scopus | Citing articles (160)</marc:subfield>
    <marc:subfield code="o">14</marc:subfield>
    <marc:subfield code="y">1999</marc:subfield>
  </marc:datafield>
  <marc:datafield tag="999" ind1="C" ind2="5">
    <marc:subfield code="h">F. Sauli Nuclear</marc:subfield>
    <marc:subfield code="m">Instruments and Methods in Physics Research Section A 386 , p. 531 Article | PDF (568 K) | View Record in Scopus | Citing articles (1008)</marc:subfield>
    <marc:subfield code="o">15</marc:subfield>
    <marc:subfield code="y">1997</marc:subfield>
  </marc:datafield>
  <marc:datafield tag="999" ind1="C" ind2="5">
    <marc:subfield code="h">I. Krajcar Bronić, B. Grosswendt Nuclear</marc:subfield>
    <marc:subfield code="m">Instruments and Methods in Physics Research Section B 142 , p. 219 Article | PDF (618 K) | View Record in Scopus | Citing articles (12)</marc:subfield>
    <marc:subfield code="o">16</marc:subfield>
    <marc:subfield code="y">1998</marc:subfield>
  </marc:datafield>
  <marc:datafield tag="999" ind1="C" ind2="5">
    <marc:subfield code="h">P. Millet, et al.</marc:subfield>
    <marc:subfield code="m">Journal of Physics B: Atomic, Molecular and Optical View Record in Scopus | Full Text via CrossRef | Citing articles (20)</marc:subfield>
    <marc:subfield code="o">17</marc:subfield>
    <marc:subfield code="s">Physics,15,2935</marc:subfield>
    <marc:subfield code="y">1982</marc:subfield>
  </marc:datafield>
  <marc:datafield tag="999" ind1="C" ind2="5">
    <marc:subfield code="h">T. Oka, et al.</marc:subfield>
    <marc:subfield code="m">View Record in Scopus | Full Text via CrossRef | Citing articles (16)</marc:subfield>
    <marc:subfield code="o">18</marc:subfield>
    <marc:subfield code="s">J.Chem.Phys.,70,3384</marc:subfield>
    <marc:subfield code="y">1979</marc:subfield>
  </marc:datafield>
  <marc:datafield tag="999" ind1="C" ind2="5">
    <marc:subfield code="h">W. Wieme, J. Lenaerts</marc:subfield>
    <marc:subfield code="m">View Record in Scopus | Full Text via CrossRef | Citing articles (13)</marc:subfield>
    <marc:subfield code="o">19</marc:subfield>
    <marc:subfield code="s">J.Chem.Phys.,74,483</marc:subfield>
    <marc:subfield code="y">1981</marc:subfield>
  </marc:datafield>
  <marc:datafield tag="999" ind1="C" ind2="5">
    <marc:subfield code="h">J. Wieser, et al.</marc:subfield>
    <marc:subfield code="m">View Record in Scopus | Full Text via CrossRef | Citing articles (95)</marc:subfield>
    <marc:subfield code="o">20</marc:subfield>
    <marc:subfield code="s">Rev.Sci.Instrum.,68,1360</marc:subfield>
    <marc:subfield code="y">1997</marc:subfield>
  </marc:datafield>
  <marc:datafield tag="999" ind1="C" ind2="5">
    <marc:subfield code="h">J. Berkowitz Atomic</marc:subfield>
    <marc:subfield code="m">and Molecular Photoabsorption Press, UK and USA  chapter 5, pp. 189-197</marc:subfield>
    <marc:subfield code="o">21</marc:subfield>
    <marc:subfield code="p">Academic</marc:subfield>
    <marc:subfield code="y">2002</marc:subfield>
  </marc:datafield>
  <marc:datafield tag="999" ind1="C" ind2="6">
    <marc:subfield code="a">0-0-0-1-0-0-1</marc:subfield>
    <marc:subfield code="t">2014-12-16 11:31:00</marc:subfield>
    <marc:subfield code="v">Invenio/1.1.2.1260-aa76f refextract/1.5.44</marc:subfield>
  </marc:datafield>
</marc:record>
</metadata></record>