
<record><header><identifier>oai:inspirehep.net:460516</identifier><datestamp>2015-01-19T09:57:09Z</datestamp><setSpec>INSPIRE:HEP</setSpec><setSpec>CERN</setSpec><setSpec>ForCDS</setSpec></header><metadata><marc:record xmlns:marc="http://www.loc.gov/MARC21/slim" xmlns:xsi="http://www.w3.org/2001/XMLSchema-instance" xsi:schemaLocation="http://www.loc.gov/MARC21/slim http://www.loc.gov/standards/marcxml/schema/MARC21slim.xsd" type="Bibliographic">
     <marc:leader>00000coc  2200000uu 4500</marc:leader>
  <marc:controlfield tag="001">460516</marc:controlfield>
  <marc:controlfield tag="005">20150119105709.0</marc:controlfield>
  <marc:datafield tag="024" ind1="7" ind2=" ">
    <marc:subfield code="2">DOI</marc:subfield>
    <marc:subfield code="9">bibcheck</marc:subfield>
    <marc:subfield code="a">10.1016/S0920-5632(97)00097-2</marc:subfield>
  </marc:datafield>
  <marc:datafield tag="035" ind1=" " ind2=" ">
    <marc:subfield code="9">SPIRESTeX</marc:subfield>
    <marc:subfield code="z">Annis:1997hs</marc:subfield>
  </marc:datafield>
  <marc:datafield tag="100" ind1=" " ind2=" ">
    <marc:subfield code="a">Annis, P.</marc:subfield>
    <marc:subfield code="u">Brussels U., IIHE</marc:subfield>
  </marc:datafield>
  <marc:datafield tag="970" ind1=" " ind2=" ">
    <marc:subfield code="a">SPIRES-5059135</marc:subfield>
  </marc:datafield>
  <marc:datafield tag="909" ind1="C" ind2="O">
    <marc:subfield code="o">oai:inspirehep.net:460516</marc:subfield>
    <marc:subfield code="p">CERN</marc:subfield>
    <marc:subfield code="p">INSPIRE:HEP</marc:subfield>
    <marc:subfield code="p">ForCDS</marc:subfield>
  </marc:datafield>
  <marc:datafield tag="245" ind1=" " ind2=" ">
    <marc:subfield code="a">Capillary detectors for high resolution tracking</marc:subfield>
  </marc:datafield>
  <marc:datafield tag="260" ind1=" " ind2=" ">
    <marc:subfield code="c">1997-11</marc:subfield>
  </marc:datafield>
  <marc:datafield tag="980" ind1=" " ind2=" ">
    <marc:subfield code="a">ConferencePaper</marc:subfield>
  </marc:datafield>
  <marc:datafield tag="980" ind1=" " ind2=" ">
    <marc:subfield code="a">Citeable</marc:subfield>
  </marc:datafield>
  <marc:datafield tag="980" ind1=" " ind2=" ">
    <marc:subfield code="a">ConferencePaper</marc:subfield>
  </marc:datafield>
  <marc:datafield tag="980" ind1=" " ind2=" ">
    <marc:subfield code="a">CORE</marc:subfield>
  </marc:datafield>
  <marc:datafield tag="980" ind1=" " ind2=" ">
    <marc:subfield code="a">HEP</marc:subfield>
  </marc:datafield>
  <marc:datafield tag="269" ind1=" " ind2=" ">
    <marc:subfield code="c">1997</marc:subfield>
  </marc:datafield>
  <marc:datafield tag="300" ind1=" " ind2=" ">
    <marc:subfield code="a">5</marc:subfield>
  </marc:datafield>
  <marc:datafield tag="520" ind1=" " ind2=" ">
    <marc:subfield code="a">We present a new tracking device based on glass capillary bundles or layers filled with highly purified liquid scintillator and read out at one end by means of image intensifiers and CCD devices. A large-volume prototype consisting of 5 × 105 capillaries with a diameter of 20 μm and a length of 180 cm and read out by a megapixel CCD has been tested with muon and neutrino beams at CERN. With this prototype a two track resolution of 33 μm was achieved with passing through muons. Images of neutrino interactions in a capillary bundle have also been acquired and analysed. Read-out chains based on Electron Bombarded CCD (EBCCD) and image pipeline devices are also investigated. Preliminary results obtained with a capillary bundle read out by an EBCCD are presented.</marc:subfield>
  </marc:datafield>
  <marc:datafield tag="650" ind1="1" ind2="7">
    <marc:subfield code="2">INSPIRE</marc:subfield>
    <marc:subfield code="a">Instrumentation</marc:subfield>
  </marc:datafield>
  <marc:datafield tag="690" ind1="C" ind2=" ">
    <marc:subfield code="2">INSPIRE</marc:subfield>
    <marc:subfield code="a">Conference Paper</marc:subfield>
  </marc:datafield>
  <marc:datafield tag="695" ind1=" " ind2=" ">
    <marc:subfield code="2">INSPIRE</marc:subfield>
    <marc:subfield code="a">talk: San Miniato 1996/05/20</marc:subfield>
  </marc:datafield>
  <marc:datafield tag="700" ind1=" " ind2=" ">
    <marc:subfield code="a">Bay, A.</marc:subfield>
    <marc:subfield code="u">Lausanne U.</marc:subfield>
  </marc:datafield>
  <marc:datafield tag="700" ind1=" " ind2=" ">
    <marc:subfield code="a">Bonekamper, D.</marc:subfield>
    <marc:subfield code="q">Bonekaemper, D.</marc:subfield>
    <marc:subfield code="u">Munster U., ITP</marc:subfield>
  </marc:datafield>
  <marc:datafield tag="700" ind1=" " ind2=" ">
    <marc:subfield code="a">Buontempo, S.</marc:subfield>
    <marc:subfield code="u">Naples U.</marc:subfield>
    <marc:subfield code="u">INFN, Naples</marc:subfield>
  </marc:datafield>
  <marc:datafield tag="700" ind1=" " ind2=" ">
    <marc:subfield code="a">Ereditato, A.</marc:subfield>
    <marc:subfield code="u">Naples U.</marc:subfield>
    <marc:subfield code="u">INFN, Naples</marc:subfield>
  </marc:datafield>
  <marc:datafield tag="700" ind1=" " ind2=" ">
    <marc:subfield code="a">Fabre, J.P.</marc:subfield>
    <marc:subfield code="u">CERN</marc:subfield>
  </marc:datafield>
  <marc:datafield tag="700" ind1=" " ind2=" ">
    <marc:subfield code="a">Fiorillo, G.</marc:subfield>
    <marc:subfield code="u">Naples U.</marc:subfield>
    <marc:subfield code="u">INFN, Naples</marc:subfield>
  </marc:datafield>
  <marc:datafield tag="700" ind1=" " ind2=" ">
    <marc:subfield code="a">Frekers, D.</marc:subfield>
    <marc:subfield code="u">Munster U., ITP</marc:subfield>
  </marc:datafield>
  <marc:datafield tag="700" ind1=" " ind2=" ">
    <marc:subfield code="I">NFN, Rome</marc:subfield>
    <marc:subfield code="a">Frenkel, A.</marc:subfield>
    <marc:subfield code="u">Rome U.</marc:subfield>
  </marc:datafield>
  <marc:datafield tag="700" ind1=" " ind2=" ">
    <marc:subfield code="I">NFN, Rome</marc:subfield>
    <marc:subfield code="a">Galeazzi, F.</marc:subfield>
    <marc:subfield code="u">Rome U.</marc:subfield>
  </marc:datafield>
  <marc:datafield tag="700" ind1=" " ind2=" ">
    <marc:subfield code="a">Garufi, F.</marc:subfield>
    <marc:subfield code="u">Naples U.</marc:subfield>
    <marc:subfield code="u">INFN, Naples</marc:subfield>
  </marc:datafield>
  <marc:datafield tag="700" ind1=" " ind2=" ">
    <marc:subfield code="a">Goldberg, J.</marc:subfield>
    <marc:subfield code="u">Technion</marc:subfield>
  </marc:datafield>
  <marc:datafield tag="700" ind1=" " ind2=" ">
    <marc:subfield code="a">Golovkin, S.</marc:subfield>
    <marc:subfield code="u">Moscow, ITEP</marc:subfield>
  </marc:datafield>
  <marc:datafield tag="700" ind1=" " ind2=" ">
    <marc:subfield code="a">Hoepfner, K.</marc:subfield>
    <marc:subfield code="u">Humboldt U., Berlin</marc:subfield>
  </marc:datafield>
  <marc:datafield tag="700" ind1=" " ind2=" ">
    <marc:subfield code="a">Konijn, J.</marc:subfield>
    <marc:subfield code="u">NIKHEF, Amsterdam</marc:subfield>
  </marc:datafield>
  <marc:datafield tag="700" ind1=" " ind2=" ">
    <marc:subfield code="a">Kozarenko, E.</marc:subfield>
    <marc:subfield code="u">Dubna, JINR</marc:subfield>
  </marc:datafield>
  <marc:datafield tag="700" ind1=" " ind2=" ">
    <marc:subfield code="a">Kreslo, I.</marc:subfield>
    <marc:subfield code="u">Dubna, JINR</marc:subfield>
  </marc:datafield>
  <marc:datafield tag="700" ind1=" " ind2=" ">
    <marc:subfield code="I">NFN, Rome</marc:subfield>
    <marc:subfield code="a">Liberti, B.</marc:subfield>
    <marc:subfield code="u">Rome U.</marc:subfield>
  </marc:datafield>
  <marc:datafield tag="700" ind1=" " ind2=" ">
    <marc:subfield code="I">NFN, Rome</marc:subfield>
    <marc:subfield code="a">Martellotti, G.</marc:subfield>
    <marc:subfield code="u">Rome U.</marc:subfield>
  </marc:datafield>
  <marc:datafield tag="700" ind1=" " ind2=" ">
    <marc:subfield code="a">Medvedkov, A.</marc:subfield>
    <marc:subfield code="u">Moscow, ITEP</marc:subfield>
  </marc:datafield>
  <marc:datafield tag="700" ind1=" " ind2=" ">
    <marc:subfield code="a">Mommaert, C.</marc:subfield>
    <marc:subfield code="u">Brussels U., IIHE</marc:subfield>
  </marc:datafield>
  <marc:datafield tag="700" ind1=" " ind2=" ">
    <marc:subfield code="a">Panman, J.</marc:subfield>
    <marc:subfield code="u">CERN</marc:subfield>
  </marc:datafield>
  <marc:datafield tag="700" ind1=" " ind2=" ">
    <marc:subfield code="I">NFN, Rome</marc:subfield>
    <marc:subfield code="a">Penso, G.</marc:subfield>
    <marc:subfield code="u">Rome U.</marc:subfield>
  </marc:datafield>
  <marc:datafield tag="700" ind1=" " ind2=" ">
    <marc:subfield code="a">Petukhov, Yu.P.</marc:subfield>
    <marc:subfield code="u">Dubna, JINR</marc:subfield>
  </marc:datafield>
  <marc:datafield tag="700" ind1=" " ind2=" ">
    <marc:subfield code="a">Rondeshagen, D.</marc:subfield>
    <marc:subfield code="u">Munster U., ITP</marc:subfield>
  </marc:datafield>
  <marc:datafield tag="700" ind1=" " ind2=" ">
    <marc:subfield code="a">Tyukov, V.</marc:subfield>
    <marc:subfield code="u">Dubna, JINR</marc:subfield>
  </marc:datafield>
  <marc:datafield tag="700" ind1=" " ind2=" ">
    <marc:subfield code="a">Vasilchenko, V.</marc:subfield>
    <marc:subfield code="u">Moscow, ITEP</marc:subfield>
  </marc:datafield>
  <marc:datafield tag="700" ind1=" " ind2=" ">
    <marc:subfield code="a">Vilain, P.</marc:subfield>
    <marc:subfield code="u">Brussels U., IIHE</marc:subfield>
  </marc:datafield>
  <marc:datafield tag="700" ind1=" " ind2=" ">
    <marc:subfield code="a">Vischers, J.L.</marc:subfield>
    <marc:subfield code="u">NIKHEF, Amsterdam</marc:subfield>
  </marc:datafield>
  <marc:datafield tag="700" ind1=" " ind2=" ">
    <marc:subfield code="a">Wilquet, G.</marc:subfield>
    <marc:subfield code="u">Brussels U., IIHE</marc:subfield>
  </marc:datafield>
  <marc:datafield tag="700" ind1=" " ind2=" ">
    <marc:subfield code="a">Winter, K.</marc:subfield>
    <marc:subfield code="u">Humboldt U., Berlin</marc:subfield>
  </marc:datafield>
  <marc:datafield tag="700" ind1=" " ind2=" ">
    <marc:subfield code="a">Wolff, T.</marc:subfield>
    <marc:subfield code="u">Munster U., ITP</marc:subfield>
  </marc:datafield>
  <marc:datafield tag="700" ind1=" " ind2=" ">
    <marc:subfield code="a">Wong, H.</marc:subfield>
    <marc:subfield code="u">CERN</marc:subfield>
  </marc:datafield>
  <marc:datafield tag="773" ind1=" " ind2=" ">
    <marc:subfield code="c">86-91</marc:subfield>
    <marc:subfield code="p">Nucl.Phys.Proc.Suppl.</marc:subfield>
    <marc:subfield code="v">54B</marc:subfield>
    <marc:subfield code="w">C96-05-21</marc:subfield>
    <marc:subfield code="y">1997</marc:subfield>
  </marc:datafield>
  <marc:datafield tag="961" ind1=" " ind2=" ">
    <marc:subfield code="x">2002-08-21</marc:subfield>
  </marc:datafield>
  <marc:datafield tag="961" ind1=" " ind2=" ">
    <marc:subfield code="c">2012-06-12</marc:subfield>
  </marc:datafield>
</marc:record>
</metadata></record>