
<record><header><identifier>oai:inspirehep.net:460517</identifier><datestamp>2015-01-19T09:57:29Z</datestamp><setSpec>INSPIRE:HEP</setSpec><setSpec>CERN</setSpec><setSpec>ForCDS</setSpec></header><metadata><marc:record xmlns:marc="http://www.loc.gov/MARC21/slim" xmlns:xsi="http://www.w3.org/2001/XMLSchema-instance" xsi:schemaLocation="http://www.loc.gov/MARC21/slim http://www.loc.gov/standards/marcxml/schema/MARC21slim.xsd" type="Bibliographic">
     <marc:leader>00000coc  2200000uu 4500</marc:leader>
  <marc:controlfield tag="001">460517</marc:controlfield>
  <marc:controlfield tag="005">20150119105729.0</marc:controlfield>
  <marc:datafield tag="024" ind1="7" ind2=" ">
    <marc:subfield code="2">DOI</marc:subfield>
    <marc:subfield code="9">bibcheck</marc:subfield>
    <marc:subfield code="a">10.1016/S0920-5632(97)00098-4</marc:subfield>
  </marc:datafield>
  <marc:datafield tag="035" ind1=" " ind2=" ">
    <marc:subfield code="9">SPIRESTeX</marc:subfield>
    <marc:subfield code="z">Arneodo:1997ht</marc:subfield>
  </marc:datafield>
  <marc:datafield tag="100" ind1=" " ind2=" ">
    <marc:subfield code="a">Arneodo, F.</marc:subfield>
    <marc:subfield code="u">INFN, Aquila</marc:subfield>
    <marc:subfield code="u">L'Aquila U.</marc:subfield>
  </marc:datafield>
  <marc:datafield tag="970" ind1=" " ind2=" ">
    <marc:subfield code="a">SPIRES-5059143</marc:subfield>
  </marc:datafield>
  <marc:datafield tag="909" ind1="C" ind2="O">
    <marc:subfield code="o">oai:inspirehep.net:460517</marc:subfield>
    <marc:subfield code="p">CERN</marc:subfield>
    <marc:subfield code="p">INSPIRE:HEP</marc:subfield>
    <marc:subfield code="p">ForCDS</marc:subfield>
  </marc:datafield>
  <marc:datafield tag="245" ind1=" " ind2=" ">
    <marc:subfield code="a">The liquid argon TPC for the ICARUS experiment</marc:subfield>
  </marc:datafield>
  <marc:datafield tag="260" ind1=" " ind2=" ">
    <marc:subfield code="c">1997</marc:subfield>
  </marc:datafield>
  <marc:datafield tag="693" ind1=" " ind2=" ">
    <marc:subfield code="e">ICARUS</marc:subfield>
  </marc:datafield>
  <marc:datafield tag="695" ind1=" " ind2=" ">
    <marc:subfield code="2">INSPIRE</marc:subfield>
    <marc:subfield code="a">talk: San Miniato 1996/05/20</marc:subfield>
  </marc:datafield>
  <marc:datafield tag="700" ind1=" " ind2=" ">
    <marc:subfield code="a">Benetti, P.</marc:subfield>
    <marc:subfield code="u">INFN, Pavia</marc:subfield>
    <marc:subfield code="u">Pavia U.</marc:subfield>
  </marc:datafield>
  <marc:datafield tag="700" ind1=" " ind2=" ">
    <marc:subfield code="a">Bettini, A.</marc:subfield>
    <marc:subfield code="u">INFN, Padua</marc:subfield>
    <marc:subfield code="u">Padua U.</marc:subfield>
  </marc:datafield>
  <marc:datafield tag="700" ind1=" " ind2=" ">
    <marc:subfield code="a">Borio, A.</marc:subfield>
    <marc:subfield code="u">INFN, Pavia</marc:subfield>
    <marc:subfield code="u">Pavia U.</marc:subfield>
  </marc:datafield>
  <marc:datafield tag="700" ind1=" " ind2=" ">
    <marc:subfield code="a">Calligarich, E.</marc:subfield>
    <marc:subfield code="u">INFN, Pavia</marc:subfield>
    <marc:subfield code="u">Pavia U.</marc:subfield>
  </marc:datafield>
  <marc:datafield tag="700" ind1=" " ind2=" ">
    <marc:subfield code="a">Carpanese, C.</marc:subfield>
    <marc:subfield code="u">INFN, Padua</marc:subfield>
    <marc:subfield code="u">Padua U.</marc:subfield>
  </marc:datafield>
  <marc:datafield tag="700" ind1=" " ind2=" ">
    <marc:subfield code="a">Casagrande, F.</marc:subfield>
    <marc:subfield code="u">Frascati</marc:subfield>
  </marc:datafield>
  <marc:datafield tag="700" ind1=" " ind2=" ">
    <marc:subfield code="a">Cavalli, D.</marc:subfield>
    <marc:subfield code="u">INFN, Milan</marc:subfield>
    <marc:subfield code="u">Milan U.</marc:subfield>
  </marc:datafield>
  <marc:datafield tag="700" ind1=" " ind2=" ">
    <marc:subfield code="a">Cavanna, F.</marc:subfield>
    <marc:subfield code="u">INFN, Aquila</marc:subfield>
    <marc:subfield code="u">L'Aquila U.</marc:subfield>
  </marc:datafield>
  <marc:datafield tag="700" ind1=" " ind2=" ">
    <marc:subfield code="a">Cennini, P.</marc:subfield>
    <marc:subfield code="u">CERN</marc:subfield>
  </marc:datafield>
  <marc:datafield tag="700" ind1=" " ind2=" ">
    <marc:subfield code="a">Centro, S.</marc:subfield>
    <marc:subfield code="u">INFN, Padua</marc:subfield>
    <marc:subfield code="u">Padua U.</marc:subfield>
  </marc:datafield>
  <marc:datafield tag="700" ind1=" " ind2=" ">
    <marc:subfield code="a">Cesana, E.</marc:subfield>
    <marc:subfield code="u">INFN, Pavia</marc:subfield>
    <marc:subfield code="u">Pavia U.</marc:subfield>
  </marc:datafield>
  <marc:datafield tag="700" ind1=" " ind2=" ">
    <marc:subfield code="a">Cline, D.</marc:subfield>
    <marc:subfield code="u">UCLA</marc:subfield>
  </marc:datafield>
  <marc:datafield tag="700" ind1=" " ind2=" ">
    <marc:subfield code="a">Dolfini, R.</marc:subfield>
    <marc:subfield code="u">INFN, Pavia</marc:subfield>
    <marc:subfield code="u">Pavia U.</marc:subfield>
  </marc:datafield>
  <marc:datafield tag="700" ind1=" " ind2=" ">
    <marc:subfield code="a">Ferrari, A.</marc:subfield>
    <marc:subfield code="u">INFN, Milan</marc:subfield>
    <marc:subfield code="u">Milan U.</marc:subfield>
  </marc:datafield>
  <marc:datafield tag="700" ind1=" " ind2=" ">
    <marc:subfield code="a">Gigli Berzolari, A.</marc:subfield>
    <marc:subfield code="u">INFN, Pavia</marc:subfield>
    <marc:subfield code="u">Pavia U.</marc:subfield>
  </marc:datafield>
  <marc:datafield tag="700" ind1=" " ind2=" ">
    <marc:subfield code="a">Mannocchi, G.</marc:subfield>
    <marc:subfield code="u">Frascati</marc:subfield>
  </marc:datafield>
  <marc:datafield tag="700" ind1=" " ind2=" ">
    <marc:subfield code="a">Mauri, F.</marc:subfield>
    <marc:subfield code="u">INFN, Pavia</marc:subfield>
    <marc:subfield code="u">Pavia U.</marc:subfield>
  </marc:datafield>
  <marc:datafield tag="700" ind1=" " ind2=" ">
    <marc:subfield code="a">Montanari, C.</marc:subfield>
    <marc:subfield code="u">INFN, Pavia</marc:subfield>
    <marc:subfield code="u">Pavia U.</marc:subfield>
  </marc:datafield>
  <marc:datafield tag="700" ind1=" " ind2=" ">
    <marc:subfield code="a">Otwinowski, S.</marc:subfield>
    <marc:subfield code="u">UCLA</marc:subfield>
  </marc:datafield>
  <marc:datafield tag="700" ind1=" " ind2=" ">
    <marc:subfield code="a">Parlati, S.</marc:subfield>
    <marc:subfield code="u">INFN, Aquila</marc:subfield>
    <marc:subfield code="u">L'Aquila U.</marc:subfield>
  </marc:datafield>
  <marc:datafield tag="700" ind1=" " ind2=" ">
    <marc:subfield code="a">Pascoli, D.</marc:subfield>
    <marc:subfield code="u">INFN, Padua</marc:subfield>
    <marc:subfield code="u">Padua U.</marc:subfield>
  </marc:datafield>
  <marc:datafield tag="700" ind1=" " ind2=" ">
    <marc:subfield code="a">Pepato, A.</marc:subfield>
    <marc:subfield code="u">INFN, Padua</marc:subfield>
    <marc:subfield code="u">Padua U.</marc:subfield>
  </marc:datafield>
  <marc:datafield tag="700" ind1=" " ind2=" ">
    <marc:subfield code="a">Periale, L.</marc:subfield>
    <marc:subfield code="u">Turin, Cosmo-Geofisica Lab</marc:subfield>
  </marc:datafield>
  <marc:datafield tag="700" ind1=" " ind2=" ">
    <marc:subfield code="a">Piano Mortari, Giovanni</marc:subfield>
    <marc:subfield code="u">INFN, Aquila</marc:subfield>
    <marc:subfield code="u">L'Aquila U.</marc:subfield>
  </marc:datafield>
  <marc:datafield tag="700" ind1=" " ind2=" ">
    <marc:subfield code="a">Piazzoli, A.</marc:subfield>
    <marc:subfield code="u">INFN, Pavia</marc:subfield>
    <marc:subfield code="u">Pavia U.</marc:subfield>
  </marc:datafield>
  <marc:datafield tag="700" ind1=" " ind2=" ">
    <marc:subfield code="a">Picchi, P.</marc:subfield>
    <marc:subfield code="u">Frascati</marc:subfield>
  </marc:datafield>
  <marc:datafield tag="700" ind1=" " ind2=" ">
    <marc:subfield code="a">Pietropaolo, F.</marc:subfield>
    <marc:subfield code="u">INFN, Padua</marc:subfield>
    <marc:subfield code="u">Padua U.</marc:subfield>
  </marc:datafield>
  <marc:datafield tag="700" ind1=" " ind2=" ">
    <marc:subfield code="a">Rappoldi, A.</marc:subfield>
    <marc:subfield code="u">INFN, Pavia</marc:subfield>
    <marc:subfield code="u">Pavia U.</marc:subfield>
  </marc:datafield>
  <marc:datafield tag="700" ind1=" " ind2=" ">
    <marc:subfield code="a">Raselli, G.L.</marc:subfield>
    <marc:subfield code="u">INFN, Pavia</marc:subfield>
    <marc:subfield code="u">Pavia U.</marc:subfield>
  </marc:datafield>
  <marc:datafield tag="700" ind1=" " ind2=" ">
    <marc:subfield code="a">Resconi, S.</marc:subfield>
  </marc:datafield>
  <marc:datafield tag="700" ind1=" " ind2=" ">
    <marc:subfield code="a">Revol, J.P.</marc:subfield>
    <marc:subfield code="u">CERN</marc:subfield>
  </marc:datafield>
  <marc:datafield tag="700" ind1=" " ind2=" ">
    <marc:subfield code="a">Rossella, M.</marc:subfield>
    <marc:subfield code="u">INFN, Pavia</marc:subfield>
    <marc:subfield code="u">Pavia U.</marc:subfield>
  </marc:datafield>
  <marc:datafield tag="700" ind1=" " ind2=" ">
    <marc:subfield code="a">Rossi, C.</marc:subfield>
    <marc:subfield code="u">INFN, Aquila</marc:subfield>
    <marc:subfield code="u">L'Aquila U.</marc:subfield>
  </marc:datafield>
  <marc:datafield tag="700" ind1=" " ind2=" ">
    <marc:subfield code="a">Rubbia, C.</marc:subfield>
    <marc:subfield code="u">CERN</marc:subfield>
  </marc:datafield>
  <marc:datafield tag="700" ind1=" " ind2=" ">
    <marc:subfield code="a">Sala, P.</marc:subfield>
    <marc:subfield code="u">Milan U.</marc:subfield>
    <marc:subfield code="u">INFN, Milan</marc:subfield>
  </marc:datafield>
  <marc:datafield tag="700" ind1=" " ind2=" ">
    <marc:subfield code="a">Scannicchio, D.</marc:subfield>
    <marc:subfield code="u">INFN, Pavia</marc:subfield>
    <marc:subfield code="u">Pavia U.</marc:subfield>
  </marc:datafield>
  <marc:datafield tag="700" ind1=" " ind2=" ">
    <marc:subfield code="a">Sergiampietri, F.</marc:subfield>
    <marc:subfield code="u">INFN, Pisa</marc:subfield>
  </marc:datafield>
  <marc:datafield tag="700" ind1=" " ind2=" ">
    <marc:subfield code="a">Suzuki, S.</marc:subfield>
    <marc:subfield code="u">Turin, Cosmo-Geofisica Lab</marc:subfield>
  </marc:datafield>
  <marc:datafield tag="700" ind1=" " ind2=" ">
    <marc:subfield code="a">Terrani, M.</marc:subfield>
    <marc:subfield code="u">INFN, Pavia</marc:subfield>
    <marc:subfield code="u">Pavia U.</marc:subfield>
  </marc:datafield>
  <marc:datafield tag="700" ind1=" " ind2=" ">
    <marc:subfield code="a">Torre, P.</marc:subfield>
    <marc:subfield code="u">INFN, Pavia</marc:subfield>
    <marc:subfield code="u">Pavia U.</marc:subfield>
  </marc:datafield>
  <marc:datafield tag="700" ind1=" " ind2=" ">
    <marc:subfield code="a">Ventura, S.</marc:subfield>
    <marc:subfield code="u">INFN, Padua</marc:subfield>
    <marc:subfield code="u">Padua U.</marc:subfield>
  </marc:datafield>
  <marc:datafield tag="700" ind1=" " ind2=" ">
    <marc:subfield code="a">Verdecchia, M.</marc:subfield>
    <marc:subfield code="u">INFN, Aquila</marc:subfield>
    <marc:subfield code="u">L'Aquila U.</marc:subfield>
  </marc:datafield>
  <marc:datafield tag="700" ind1=" " ind2=" ">
    <marc:subfield code="a">Vignoli, C.</marc:subfield>
    <marc:subfield code="u">INFN, Pavia</marc:subfield>
    <marc:subfield code="u">Pavia U.</marc:subfield>
  </marc:datafield>
  <marc:datafield tag="700" ind1=" " ind2=" ">
    <marc:subfield code="a">Wang, H.</marc:subfield>
    <marc:subfield code="u">UCLA</marc:subfield>
  </marc:datafield>
  <marc:datafield tag="773" ind1=" " ind2=" ">
    <marc:subfield code="c">95-104</marc:subfield>
    <marc:subfield code="p">Nucl.Phys.Proc.Suppl.</marc:subfield>
    <marc:subfield code="v">54B</marc:subfield>
    <marc:subfield code="w">C96-05-21</marc:subfield>
    <marc:subfield code="y">1997</marc:subfield>
  </marc:datafield>
  <marc:datafield tag="980" ind1=" " ind2=" ">
    <marc:subfield code="a">ConferencePaper</marc:subfield>
  </marc:datafield>
  <marc:datafield tag="980" ind1=" " ind2=" ">
    <marc:subfield code="a">Citeable</marc:subfield>
  </marc:datafield>
  <marc:datafield tag="980" ind1=" " ind2=" ">
    <marc:subfield code="a">CORE</marc:subfield>
  </marc:datafield>
  <marc:datafield tag="980" ind1=" " ind2=" ">
    <marc:subfield code="a">HEP</marc:subfield>
  </marc:datafield>
  <marc:datafield tag="269" ind1=" " ind2=" ">
    <marc:subfield code="c">1997</marc:subfield>
  </marc:datafield>
  <marc:datafield tag="300" ind1=" " ind2=" ">
    <marc:subfield code="a">9</marc:subfield>
  </marc:datafield>
  <marc:datafield tag="520" ind1=" " ind2=" ">
    <marc:subfield code="a">The ICARUS project aims at the realisation of a large liquid argon TPC to be run at the Underground Laboratories of Gran Sasso in Italy. An intense R&amp;D activity has put on firm grounds this new detector technology and experimentally confirmed its feasibility on a few ton scale. Based on these solid achievements, the collaboration is now confident of being able to build and safely operate a multi-kton detector. The reseach program of the experiment involves the systematic study of a wide spectrum of physical phenomena covering many orders of magnitude in the energy deposited in the detector: from the few MeV of solar neutrino interactions, to the about one GeV of the proton decay and atmospheric neutrinos, up to the higher energies of neutrinos from accelerators.</marc:subfield>
  </marc:datafield>
  <marc:datafield tag="650" ind1="1" ind2="7">
    <marc:subfield code="2">INSPIRE</marc:subfield>
    <marc:subfield code="a">Instrumentation</marc:subfield>
  </marc:datafield>
  <marc:datafield tag="690" ind1="C" ind2=" ">
    <marc:subfield code="2">INSPIRE</marc:subfield>
    <marc:subfield code="a">Conference Paper</marc:subfield>
  </marc:datafield>
  <marc:datafield tag="961" ind1=" " ind2=" ">
    <marc:subfield code="x">2002-08-21</marc:subfield>
  </marc:datafield>
  <marc:datafield tag="961" ind1=" " ind2=" ">
    <marc:subfield code="c">2012-06-17</marc:subfield>
  </marc:datafield>
</marc:record>
</metadata></record>