
<record><header><identifier>oai:inspirehep.net:460520</identifier><datestamp>2015-01-19T09:58:09Z</datestamp><setSpec>INSPIRE:HEP</setSpec><setSpec>CERN</setSpec><setSpec>ForCDS</setSpec></header><metadata><marc:record xmlns:marc="http://www.loc.gov/MARC21/slim" xmlns:xsi="http://www.w3.org/2001/XMLSchema-instance" xsi:schemaLocation="http://www.loc.gov/MARC21/slim http://www.loc.gov/standards/marcxml/schema/MARC21slim.xsd" type="Bibliographic">
     <marc:leader>00000coc  2200000uu 4500</marc:leader>
  <marc:controlfield tag="001">460520</marc:controlfield>
  <marc:controlfield tag="005">20150119105809.0</marc:controlfield>
  <marc:datafield tag="024" ind1="7" ind2=" ">
    <marc:subfield code="2">DOI</marc:subfield>
    <marc:subfield code="9">bibcheck</marc:subfield>
    <marc:subfield code="a">10.1016/S0920-5632(97)00101-1</marc:subfield>
  </marc:datafield>
  <marc:datafield tag="035" ind1=" " ind2=" ">
    <marc:subfield code="9">SPIRESTeX</marc:subfield>
    <marc:subfield code="z">Ebersberger:1997hw</marc:subfield>
  </marc:datafield>
  <marc:datafield tag="970" ind1=" " ind2=" ">
    <marc:subfield code="a">SPIRES-5059178</marc:subfield>
  </marc:datafield>
  <marc:datafield tag="100" ind1=" " ind2=" ">
    <marc:subfield code="a">Ebersberger, C.</marc:subfield>
    <marc:subfield code="u">Mainz U., Inst. Phys.</marc:subfield>
  </marc:datafield>
  <marc:datafield tag="710" ind1=" " ind2=" ">
    <marc:subfield code="g">NA48 Collaboration</marc:subfield>
  </marc:datafield>
  <marc:datafield tag="773" ind1=" " ind2=" ">
    <marc:subfield code="c">119-124</marc:subfield>
    <marc:subfield code="p">Nucl.Phys.Proc.Suppl.</marc:subfield>
    <marc:subfield code="v">54B</marc:subfield>
    <marc:subfield code="w">C96-05-21</marc:subfield>
    <marc:subfield code="y">1997</marc:subfield>
  </marc:datafield>
  <marc:datafield tag="909" ind1="C" ind2="O">
    <marc:subfield code="o">oai:inspirehep.net:460520</marc:subfield>
    <marc:subfield code="p">CERN</marc:subfield>
    <marc:subfield code="p">INSPIRE:HEP</marc:subfield>
    <marc:subfield code="p">ForCDS</marc:subfield>
  </marc:datafield>
  <marc:datafield tag="245" ind1=" " ind2=" ">
    <marc:subfield code="a">The tagging detector of the NA48 experiment</marc:subfield>
  </marc:datafield>
  <marc:datafield tag="260" ind1=" " ind2=" ">
    <marc:subfield code="c">1997</marc:subfield>
  </marc:datafield>
  <marc:datafield tag="693" ind1=" " ind2=" ">
    <marc:subfield code="e">CERN-NA-048</marc:subfield>
  </marc:datafield>
  <marc:datafield tag="695" ind1=" " ind2=" ">
    <marc:subfield code="2">INSPIRE</marc:subfield>
    <marc:subfield code="a">talk: San Miniato 1996/05/20</marc:subfield>
  </marc:datafield>
  <marc:datafield tag="980" ind1=" " ind2=" ">
    <marc:subfield code="a">ConferencePaper</marc:subfield>
  </marc:datafield>
  <marc:datafield tag="980" ind1=" " ind2=" ">
    <marc:subfield code="a">Citeable</marc:subfield>
  </marc:datafield>
  <marc:datafield tag="980" ind1=" " ind2=" ">
    <marc:subfield code="a">CORE</marc:subfield>
  </marc:datafield>
  <marc:datafield tag="980" ind1=" " ind2=" ">
    <marc:subfield code="a">HEP</marc:subfield>
  </marc:datafield>
  <marc:datafield tag="269" ind1=" " ind2=" ">
    <marc:subfield code="c">1997</marc:subfield>
  </marc:datafield>
  <marc:datafield tag="300" ind1=" " ind2=" ">
    <marc:subfield code="a">5</marc:subfield>
  </marc:datafield>
  <marc:datafield tag="520" ind1=" " ind2=" ">
    <marc:subfield code="a">First test results are reported from the NA48 Ks tagging system. The system consists of two subdetectors. One samples the passing time of each proton which will hit the Ks target (tagging detector), the other one measures the event time of a charged Kaon decay (hodoscope for charged decays). The tagging detector was read out with a FADC system operating with a sampling frequency of 480MHz. A time resolution of 182ps and resolving of double pulses down to 4ns could be achieved.</marc:subfield>
  </marc:datafield>
  <marc:datafield tag="650" ind1="1" ind2="7">
    <marc:subfield code="2">INSPIRE</marc:subfield>
    <marc:subfield code="a">Instrumentation</marc:subfield>
  </marc:datafield>
  <marc:datafield tag="690" ind1="C" ind2=" ">
    <marc:subfield code="2">INSPIRE</marc:subfield>
    <marc:subfield code="a">Conference Paper</marc:subfield>
  </marc:datafield>
  <marc:datafield tag="961" ind1=" " ind2=" ">
    <marc:subfield code="x">2002-08-21</marc:subfield>
  </marc:datafield>
  <marc:datafield tag="961" ind1=" " ind2=" ">
    <marc:subfield code="c">2012-06-19</marc:subfield>
  </marc:datafield>
</marc:record>
</metadata></record>
</ListRecords>
</OAI-PMH>
